<record><leader>00000cas a22000007a 4500</leader><controlfield tag="001">18803186</controlfield><controlfield tag="008">881125d19081911nduwr ne      0    0eng d</controlfield><datafield ind1=" " ind2=" " tag="010"><subfield code="a">sn 88076710 </subfield></datafield><datafield ind1=" " ind2=" " tag="040"><subfield code="a">NOP</subfield><subfield code="b">eng</subfield><subfield code="c">NOP</subfield><subfield code="d">HND</subfield><subfield code="d">OCLCQ</subfield></datafield><datafield ind1=" " ind2=" " tag="042"><subfield code="a">msc</subfield></datafield><datafield ind1="0" ind2="0" tag="245"><subfield code="a">Park River republican and Adams enterprise.</subfield></datafield><datafield ind1="1" ind2="3" tag="246"><subfield code="a">Park River republican</subfield><subfield code="f">May 19, 1910-</subfield></datafield><datafield ind1=" " ind2=" " tag="260"><subfield code="a">Park River, Walsh County, N.D. :</subfield><subfield code="b">W.A. Young</subfield></datafield><datafield ind1=" " ind2=" " tag="300"><subfield code="a">v. :</subfield><subfield code="b">ill. ;</subfield><subfield code="c">55 cm.</subfield></datafield><datafield ind1=" " ind2=" " tag="310"><subfield code="a">Weekly</subfield></datafield><datafield ind1="1" ind2=" " tag="362"><subfield code="a">Began in Sept. 1908.</subfield></datafield><datafield ind1="1" ind2=" " tag="362"><subfield code="a">Ceased in 1911?</subfield></datafield><datafield ind1=" " ind2=" " tag="530"><subfield code="a">Available on microfilm from the State Historical Society of North Dakota.</subfield></datafield><datafield ind1=" " ind2=" " tag="588"><subfield code="a">Description based on: Vol. 3, no. 13 (Sept. 17, 1908).</subfield></datafield><datafield ind1=" " ind2=" " tag="752"><subfield code="a">United States</subfield><subfield code="b">North Dakota</subfield><subfield code="c">Walsh</subfield><subfield code="d">Park River.</subfield></datafield><datafield ind1="0" ind2="0" tag="780"><subfield code="t">Adams enterprise</subfield><subfield code="w">(DLC)sn 88076704</subfield></datafield><datafield ind1="0" ind2="4" tag="785"><subfield code="t">Park River gazette-news</subfield><subfield code="w">(DLC)sn 88076414</subfield></datafield></record>